%%%%%
% A
%%%%%

@book{
	AroraBarak2009ComputationalComplexity,
	author		=	"Arora, Sanjeev and Barak, Boaz",
	title			=	"Computational Complexity: A Modern Approach",
	publisher		=	"Cambridge University Press",
	address		=	"Cambridge",
	year			=	"2009",
}

%%%%%
% B
%%%%%

@article{
	BaderMoura1982GeneralizationOgdensLemma,
	author		=	"Bader, Christopher and Moura, Arnaldo",
	title			=	"A Generalization of {O}gden's Lemma",
	journal		=	"Journal of the {ACM}",
	volume		=	"29",
	number		=	"2",
	pages		=	"404--407",
	year			=	"1982",
}

@article{
	BarHillel1961FormalPropertiesPhraseStructureGrammars,
	author		=	"{Bar-Hillel}, Yehoshua and Perles, Micha and Shamir, Eliahu",
	title			=	"On formal properties of simple phrase structure grammars",
	journal		=	"{Z}eitschrift f{\"u}r {P}honetik, {S}prachwissenschaft und {K}ommunikationsforschung",
	volume		=	"14",
	number		=	"2",
	pages		=	"143--172",
	year			=	"1961",
}

@article{
	Barnes1972ProgrammersViewAutomata,
	author		=	"Barnes, Bruce H.",
	title			=	"A Programmer's View of Automata",
	journal		=	"{ACM} Computing Surveys",
	volume		=	"4",
	number		=	"4",
	pages		=	"221--239",
	year			=	"1972",
}

@book{
	Berlekamp2004WinningWays,
	author		=	"Berlekamp, Elwyn R. and Conway, John H. and Guy, Richard K.",
	title			=	"Winning Ways for Your Mathematical Plays",
	publisher		=	"A K Peters",
	volume		=	"4",
	address		=	"Wellesley",
 	edition		=	"second",
	year			=	"2004",
}

@book{
	Bloomfield1933Language,
	author		=	"Bloomfield, Leonard",
	title			=	"Language",
	publisher		=	"Henry Holt",
	address		=	"New York",
	year			=	"1933",
}

@article{
	Boasson1978LanguagesSatisfyingOgdensLemma,
	author		=	"Boasson, Luc and Horv{\'a}th, S{\'a}ndor",
	title			=	"On Languages Satisfying {O}gden's Lemma",
	journal		=	"{RAIRO} Informatique th{\'e}orique/Theoretical Computer Science",
	volume		=	"12",
	number		=	"3",
	pages		=	"201--202",
	year			=	"1978",
}

@article{
	Brzozowski1962SurveyRegularExpressions,
	author		=	"Brzozowski, Janusz A.",
	title			=	"A Survey of Regular Expressions and Their Applications",
	journal		=	"{IRE} Transactions on Electronic Computers",
	volume		=	"11",
	number		=	"3",
	pages		=	"324--335",
	year			=	"1962",
}

@article{
	BrzozowskiMcCluskey1963SignalFlow,
	author		=	"Brzozowski, Janusz A. and {McCluskey}, Jr., Edward J.",
	title			=	"Signal Flow Graph Techniques for Sequential Circuit State Diagrams",
	journal		=	"{IEEE} Transactions on Electronic Computers",
	volume		=	"12",
	number		=	"2",
	pages		=	"67--76",
	year			=	"1963",
}

@article{
	Burks1954AnalysisLogicalMachine,
	author		=	"Burks, Arthur W. and Warren, Don W. and Wright, Jesse B.",
	title			=	"An Analysis of a Logical Machine Using Parenthesis-Free Notation",
	journal		=	"Mathematical Tables and Other Aids to Computation",
	volume		=	"8",
	number		=	"46",
	pages		=	"53--57",
	year			=	"1954",
}

@misc{
	Bytejacker2010NotchInterview,
	author		=	"{Bytejacker}",
	title			=	"{M}inecraft - {N}otch {I}nterview!",
	howpublished	=	"\url{https://www.youtube.com/watch?v=rqUDam_KJno}",
	year			=	"2010",
}

%%%%%
% C
%%%%%

@article{
	Campeanu2003PracticalRegex,
	author		=	"C{\^a}mpeanu, Cezar and Salomaa, Kai and Yu, Sheng",
	title			=	"A Formal Study of Practical Regular Expressions",
	journal		=	"International Journal of Foundations of Computer Science",
	volume		=	"14",
	number		=	"6",
	pages		=	"1007--1018",
	year			=	"2003",
}

@article{
	Cantor1874Zahlen,
	author		=	"Cantor, Georg",
	title			=	"{U}eber eine {E}igenschaft des {I}nbegriffes aller reellen algebraischen {Z}ahlen [{O}n a property of the set of real algebraic numbers]",
	journal		=	"{J}ournal f{\"u}r die reine und angewandte {M}athematik",
	volume		=	"77",
	pages		=	"258--262",
	year			=	"1874",
	note			=	"Translation:~\citep[pages 839--843]{Ewald1996SourceBookMathematicsVol2}",
}

@article{
	Cantor1891Mannigfaltigkeitslehre,
	author		=	"Cantor, Georg",
	title			=	"{U}eber eine elementare {F}rage der {M}annigfaltigkeitslehre [{O}n an elementary question in the theory of manifolds]",
	journal		=	"Jahresbericht der Deutschen Mathematiker-Vereinigung",
	volume		=	"1",
	pages		=	"75--78",
	year			=	"1891",
	note			=	"Translation:~\citep[pages 920--922]{Ewald1996SourceBookMathematicsVol2}"
}

@article{
	Chomsky1956ThreeModels,
	author		=	"Chomsky, Noam",
	title			=	"Three Models for the Description of Language",
	journal		=	"{IRE} Transactions on Information Theory",
	volume		=	"2",
	number		=	"3",
	pages		=	"113--124",
	year			=	"1956",
}

@techreport{
	Chomsky1958PropertiesPhraseStructure,
	author		=	"Chomsky, Noam",
	title			=	"Some Properties of Phrase Structure Grammars",
	institution		=	"Massachusetts Institute of Technology",
	type			=	"Research Laboratory of Electronics Quarterly Progress Report",
	number		=	"49:108--111",
	year			=	"1958",
}

@article{
	ChomskyMiller1958FiniteStateLanguages,
	author		=	"Chomsky, Noam and Miller, George A.",
	title			=	"Finite State Languages",
	journal		=	"Information and Control",
	volume		=	"1",
	number		=	"2",
	pages		=	"91--112",
	year			=	"1958",
}

@article{
	Chomsky1959FormalPropertiesGrammars,
	author		=	"Chomsky, Noam",
	title			=	"On Certain Formal Properties of Grammars",
	journal		=	"Information and Control",
	volume		=	"2",
	number		=	"2",
	pages		=	"137--167",
	year			=	"1959",
}

@article{
	Chomsky1959NotePhraseStructure,
	author		=	"Chomsky, Noam",
	title			=	"A Note on Phrase Structure Grammars",
	journal		=	"Information and Control",
	volume		=	"2",
	number		=	"4",
	pages		=	"393--395",
	year			=	"1959",
}

@techreport{
	Chomsky1962CFGsPushdownStorage,
	author		=	"Chomsky, Noam",
	title			=	"Context-Free Grammars and Pushdown Storage",
	institution		=	"Massachusetts Institute of Technology",
	type			=	"Research Laboratory of Electronics Quarterly Progress Report",
	number		=	"65:187--194",
	year			=	"1962",
}

@incollection{
	ChomskySchutzenberger1963ContextFree,
	author		=	"Chomsky, Noam and Sch{\"u}tzenberger, {M}arcel-{P}aul",
	title			=	"The Algebraic Theory of Context-Free Languages",
	booktitle		=	"Computer Programming and Formal Systems",
	publisher		=	"North-Holland Publishing Co.",
	editor		=	"Braffort, P. and Hirschberg, D.",
	volume		=	"26",
	series		=	"Studies in Logic and the Foundations of Mathematics",
	pages		=	"118--161",
	address		=	"Amsterdam",
	year			=	"1963",
}

@article{
	Church1936NoteEntscheidungsproblem,
	author		=	"Church, Alonzo",
	title			=	"A Note on the {E}ntscheidungsproblem",
	journal		=	"Journal of Symbolic Logic",
	volume		=	"1",
	number		=	"1",
	pages		=	"40--41",
	year			=	"1936",
}

@article{
	Church1936UnsolvableProblemNumberTheory,
	author		=	"Church, Alonzo",
	title			=	"An Unsolvable Problem of Elementary Number Theory",
	journal		=	"American Journal of Mathematics",
	volume		=	"58",
	number		=	"2",
	pages		=	"345--363",
	year			=	"1936",
}

@article{
	Church1937ReviewTuring,
	author		=	"Church, Alonzo",
	title			=	"Review of ``{O}n Computable Numbers, with an Application to the {E}ntscheidungsproblem'' by {A}. {M}. {T}uring",
	journal		=	"Journal of Symbolic Logic",
	volume		=	"2",
	number		=	"1",
	pages		=	"42--43",
	year			=	"1937",
}

@inproceedings{
	Churchill2021MagicTuringComplete,
	author		=	"Churchill, Alex and Biderman, Stella and Herrick, Austin",
	title			=	"{M}agic: {T}he {G}athering is {T}uring Complete",
	booktitle		=	"Proceedings of the 10th International Conference on Fun with Algorithms ({FUN} 2021)",
	editor		=	"Farach-Colton, M. and Prencipe, G. and Uehara, R.",
	volume		=	"157",
	series		=	"Leibniz International Proceedings in Informatics",
	pages		=	"9:1--9:19",
	address		=	"Sicily",
	publisher		=	"Schloss Dagstuhl -- Leibniz-Zentrum f{\"u}r Informatik",
	year			=	"2021",
}

@article{
	Cook2004UniversalityCellularAutomata,
	author		=	"Cook, Matthew",
	title			=	"Universality in Elementary Cellular Automata",
	journal		=	"Complex Systems",
	volume		=	"15",
	pages		=	"1--40",
	year			=	"2004",
}

@book{
	Copeland2004EssentialTuring,
	editor		=	"Copeland, B. Jack",
	title			=	"The Essential {T}uring: Seminal Writings in Computing, Logic, Philosophy, Artificial Intelligence, and Artificial Life, plus The Secrets of {E}nigma",
	publisher		=	"Clarendon Press",
	address		=	"Oxford",
	year			=	"2004",
}

@article{
	Copi1958RealizationEventsLogicalNets,
	author		=	"Copi, Irving M. and Elgot, Calvin C. and Wright, Jesse B.",
	title			=	"Realization of Events by Logical Nets",
	journal		=	"Journal of the {ACM}",
	volume		=	"5",
	number		=	"2",
	pages		=	"181--196",
	year			=	"1958",
}

@misc{
	Cox2007RegexMatchingSimpleFast,
	author		=	"Cox, Russ",
	title			=	"Regular Expression Matching Can Be Simple And Fast 
(but is slow in {J}ava, {P}erl, {PHP}, {P}ython, {R}uby, \dots)",
	howpublished	=	"\url{https://swtch.com/~rsc/regexp/regexp1.html}",
	year			=	"2007",
}

%%%%%
% D
%%%%%

@book{
	Davis1958ComputabilityUnsolvability,
	author		=	"Davis, Martin",
	title			=	"Computability and Unsolvability",
	publisher		=	"McGraw-Hill",
	address		=	"New York",
	year			=	"1958",
}

@book{
	Davis1965TheUndecidable,
	editor		=	"Davis, Martin",
	title			=	"The Undecidable: Basic Papers on Undecidable Propositions, Unsolvable Problems and Computable Functions",
	publisher		=	"Raven Press",
	address		=	"Hewlett",
	year			=	"1965",
}

@incollection{
	Davis1977UnsolvableProblems,
	author		=	"Davis, Martin",
	title			=	"Unsolvable Problems",
	booktitle		=	"Handbook of Mathematical Logic",
	publisher		=	"North-Holland Publishing Co.",
	editor		=	"Barwise, J.",
	volume		=	"90",
	series		=	"Studies in Logic and the Foundations of Mathematics",
	pages		=	"567--594",
	address		=	"Amsterdam",
	year			=	"1977",
}

@book{
	Davis2000UniversalComputer,
	author		=	"Davis, Martin",
	title			=	"The Universal Computer: The Road from {L}eibniz to {T}uring",
	publisher		=	"W. W. Norton",
	address		=	"New York",
	year			=	"2000",
}

@misc{
	Dolan2013MovTuringComplete,
	author		=	"Dolan, Stephen",
	title			=	"\texttt{mov} is {T}uring-Complete",
	howpublished	=	"\url{https://drwho.virtadpt.net/files/mov.pdf}",
	year			=	"2013",
}

%%%%%
% E
%%%%%

@article{
	Ehrenfeucht1981PumpingLemmasRegularSets,
	author		=	"Ehrenfeucht, Andrzej and Parikh, Rohit J. and Rozenberg, Grzegorz",
	title			=	"Pumping Lemmas for Regular Sets",
	journal		=	"{SIAM} Journal on Computing",
	volume		=	"10",
	number		=	"3",
	pages		=	"536--541",
	year			=	"1981",
}

@incollection{
	Enderton1977ElementsRecursionTheory,
	author		=	"Enderton, Herbert B.",
	title			=	"Elements of Recursion Theory",
	booktitle		=	"Handbook of Mathematical Logic",
	publisher		=	"North-Holland Publishing Co.",
	editor		=	"Barwise, J.",
	volume		=	"90",
	series		=	"Studies in Logic and the Foundations of Mathematics",
	pages		=	"527--566",
	address		=	"Amsterdam",
	year			=	"1977",
}

@book{
	Erickson2019Algorithms,
	author		=	"Erickson, Jeff",
	title			=	"Algorithms",
	publisher		=	"Self-published open educational resource",
	edition		=	"first",
	year			=	"2019",
	note			=	"\url{http://algorithms.wtf}",
}

@inproceedings{
	Evey1963ApplicationsPushdownStore,
	author		=	"Evey, R. James",
	title			=	"Application of Pushdown-Store Machines",
	booktitle		=	"Proceedings of the Fall Joint Computer Conference",
	editor		=	"Tupac, J. D.",
	volume		=	"24",
	series		=	"{AFIPS} Conference Proceedings",
	pages		=	"215--227",
	address		=	"Las Vegas",
	publisher		=	"American Federation of Information Processing Societies",
	year			=	"1963",
}

@phdthesis{
	Evey1963PhDThesis,
	author		=	"Evey, R. James",
	title			=	"The Theory and Applications of Pushdown Store Machines",
	school		=	"Harvard University",
	type			=	"Doctoral thesis",
	year			=	"1963",
}

@book{
	Ewald1996SourceBookMathematicsVol2,
	author		=	"Ewald, William",
	title			=	"From {K}ant to {H}ilbert: A Source Book in the Foundations of Mathematics",
	publisher		=	"Clarendon Press",
	volume		=	"2",
	address		=	"Oxford",
	year			=	"1996",
}

%%%%%
% F
%%%%%

@book{
	Friedl2006MasteringRegularExpressions,
	author		=	"Friedl, Jeffrey E. F.",
	title			=	"Mastering Regular Expressions",
	publisher		=	"O'Reilly Media",
	address		=	"Sebastopol",
 	edition		=	"third",
	year			=	"2006",
}

%%%%%
% G
%%%%%

@article{
	Gao2016SurveyOperationalStateComplexity,
	author		=	"Gao, Yuan and Moreira, Nelma and Reis, Rog{\'e}rio and Yu, Sheng",
	title			=	"A Survey on Operational State Complexity",
	journal		=	"Journal of Automata, Languages and Combinatorics",
	volume		=	"21",
	number		=	"4",
	pages		=	"251--310",
	year			=	"2016",
}

@article{
	GinsburgRice1962LanguagesRelatedALGOL,
	author		=	"Ginsburg, Seymour and Rice, Henry G.",
	title			=	"Two Families of Languages Related to {ALGOL}",
	journal		=	"Journal of the {ACM}",
	volume		=	"9",
	number		=	"3",
	pages		=	"350--371",
	year			=	"1962",
}

@book{
	Ginsburg1966MathematicalTheoryCFLs,
	author		=	"Ginsburg, Seymour",
	title			=	"The Mathematical Theory of Context Free Languages",
	publisher		=	"McGraw-Hill",
	address		=	"New York",
	year			=	"1966",
}

@article{
	Ginsburg1966DCFLs,
	author		=	"Ginsburg, Seymour and Greibach, Sheila",
	title			=	"Deterministic Context Free Languages",
	journal		=	"Information and Control",
	volume		=	"9",
	number		=	"6",
	pages		=	"620--648",
	year			=	"1966",
}

@article{
	Godel1931UberFormalUnentscheidbare,
	author		=	"G{\"o}del, Kurt",
	title			=	"{\"U}ber formal unentscheidbare {S}{\"a}tze der {P}rincipia {M}athematica und verwandter {S}ysteme {I} [{O}n Formally Undecidable Propositions of {P}rincipia {M}athematica and Related Systems {I}]",
	journal		=	"Monatschefte f{\"u}r Mathematik und Physik",
	pages		=	"173--198",
	year			=	"1931",
	note			=	"Translation:~\Citep[pages 596--616]{VanHeijenoort1967SourceBookMathematicalLogic}"
}

@incollection{
	Godel1934UndecidablePropositions,
	author		=	"G{\"o}del, Kurt",
	title			=	"On Undecidable Propositions of Formal Mathematical Systems",
	booktitle		=	"The Undecidable: Basic Papers on Undecidable Propositions, Unsolvable Problems and Computable Functions",
	publisher		=	"Raven Press",
	editor		=	"Davis, M.",
	pages		=	"39--74",
	address		=	"Hewlett",
	year			=	"1965",
}

@misc{
	Gordon2021Lambda,
	author		=	"Gordon, Andy and {Peyton Jones}, Simon",
	title			=	"{LAMBDA}: The ultimate {E}xcel worksheet function",
	howpublished	=	"\url{https://www.microsoft.com/en-us/research/blog/lambda-the-ultimatae-excel-worksheet-function/}",
	year			=	"2021",
}

@book{
	Gosling2005JavaLanguageSpecification,
	author		=	"Gosling, James and Joy, Bill and Steele, Guy and Bracha, Gilad",
	title			=	"The Java Language Specification",
	publisher		=	"Addison-Wesley",
	address		=	"Boston",
 	edition		=	"third",
	year			=	"2005",
}

@article{
	Gray1994CantorTranscendental,
	author		=	"Gray, Robert",
	title			=	"{G}eorg {C}antor and Transcendental Numbers",
	journal		=	"American Mathematical Monthly",
	volume		=	"101",
	number		=	"9",
	pages		=	"819--832",
	year			=	"1994",
}

@article{
	Greibach1965NewNormalFormTheorem,
	author		=	"Greibach, Sheila A.",
	title			=	"A New Normal-Form Theorem for Context-Free Phrase Structure Grammars",
	journal		=	"Journal of the {ACM}",
	volume		=	"12",
	number		=	"1",
	pages		=	"42--52",
	year			=	"1965",
}

@article{
	Greibach1981FormalLanguagesOrigins,
	author		=	"Greibach, Sheila A.",
	title			=	"Formal Languages: Origins and Directions",
	journal		=	"Annals of the History of Computing",
	volume		=	"3",
	number		=	"1",
	pages		=	"14--41",
	year			=	"1981",
}

%%%%%
% H
%%%%%

@article{
	Harkleroad1996WhatComputersCantDo,
	author		=	"Harkleroad, Leon",
	title			=	"How Mathematicians Know What Computers Can't Do",
	journal		=	"College Mathematics Journal",
	volume		=	"27",
	number		=	"1",
	pages		=	"37--42",
	year			=	"1996",
}

@article{
	Harris1946MorphemeUtterance,
	author		=	"Harris, Zellig S.",
	title			=	"From Morpheme to Utterance",
	journal		=	"Language",
	volume		=	"22",
	number		=	"3",
	pages		=	"161--183",
	year			=	"1946",
}

@incollection{
	Hartmanis1967CFLsAndTMComputations,
	author		=	"Hartmanis, Juris",
	title			=	"Context-Free Languages and {T}uring Machine Computations",
	booktitle		=	"Mathematical Aspects of Computer Science",
	publisher		=	"American Mathematical Society",
	editor		=	"Schwartz, J. T.",
	volume		=	"19",
	series		=	"Proceedings of Symposia in Applied Mathematics",
	pages		=	"42--51",
	address		=	"Providence",
	year			=	"1967",
}

@article{
	HartmanisShank1968RecognitionPrimesAutomata,
	author		=	"Hartmanis, Juris and Shank, Herbert",
	title			=	"On the Recognition of Primes by Automata",
	journal		=	"Journal of the {ACM}",
	volume		=	"15",
	number		=	"3",
	pages		=	"382--389",
	year			=	"1968",
}

@article{
	HartmanisStearns1965ComputationalComplexityAlgorithms,
	author		=	"Hartmanis, Juris and Stearns, Richard E.",
	title			=	"On the Computational Complexity of Algorithms",
	journal		=	"Transactions of the {A}merican {M}athematical {S}ociety",
	volume		=	"117",
	pages		=	"285--306",
	year			=	"1965",
}

@article{
	HennieStearns1966TwoTapeSimulationTM,
	author		=	"Hennie, Frederick C. and Stearns, Richard E.",
	title			=	"Two-Tape Simulation of Multitape {T}uring Machines",
	journal		=	"Journal of the {ACM}",
	volume		=	"13",
	number		=	"4",
	pages		=	"533--546",
	year			=	"1966",
}

@article{
	Hilbert1900MathematischeProbleme,
	author		=	"Hilbert, David",
	title			=	"{M}athematische {P}robleme [{M}athematical problems]",
	journal		=	"Nachrichten von der K{\"o}niglichen Gesellschaft der Wissenschaften zu G{\"o}ttingen",
	pages		=	"253--297",
	year			=	"1900",
	note			=	"Reprint:~\citep{Hilbert1901MathematischeProbleme}. Translation:~\citep{Hilbert1902MathematicalProblems}"
}

@article{
	Hilbert1901MathematischeProbleme,
	author		=	"Hilbert, David",
	title			=	"{M}athematische {P}robleme [{M}athematical problems]",
	journal		=	"Archiv der Mathematik und Physik",
	volume		=	"s3-1",
	pages		=	"44--63 and 213--237",
	year			=	"1901",
}

@article{
	Hilbert1902MathematicalProblems,
	author		=	"Hilbert, David",
	title			=	"Mathematical Problems",
	journal		=	"Bulletin of the {A}merican {M}athematical {S}ociety",
	volume		=	"8",
	number		=	"10",
	pages		=	"437--479",
	year			=	"1902",
	note			=	"Translated by {M}ary {W}inston {N}ewson",
}

@book{
	HilbertAckermann1928Grundzuge,
	author		=	"Hilbert, David and Ackermann, Wilhelm",
	title			=	"{G}rundz{\"u}ge der theoretischen {L}ogik",
	publisher		=	"Springer-Verlag",
	address		=	"Berlin",
	year			=	"1928",
}

@book{
	Hodges1983AlanTuringTheEnigma,
	author		=	"Hodges, Andrew",
	title			=	"{A}lan {T}uring: The Enigma",
	publisher		=	"Simon \& Schuster",
	address		=	"New York",
	year			=	"1983",
}

@article{
	HolzerKutrib2011DescriptionalComputationalComplexity,
	author		=	"Holzer, Markus and Kutrib, Martin",
	title			=	"Descriptional and computational complexity of finite automata --- A survey",
	journal		=	"Information and Computation",
	volume		=	"209",
	number		=	"3",
	pages		=	"456--470",
	year			=	"2011",
}

@book{
	HopcroftUllman1979IntroductionToAutomataTheory,
	author		=	"Hopcroft, John E. and Ullman, Jeffrey D.",
	title			=	"Introduction to Automata Theory, Languages, and Computation",
	publisher		=	"Addison-Wesley",
	address		=	"Reading",
	year			=	"1979",
}

@article{
	Horvath1978LanguagesSatisfyingBarHillel,
	author		=	"Horv{\'a}th, S{\'a}ndor",
	title			=	"The Family of Languages Satisfying {B}ar-{H}illel's Lemma",
	journal		=	"{RAIRO} Informatique th{\'e}orique/Theoretical Computer Science",
	volume		=	"12",
	number		=	"3",
	pages		=	"193--199",
	year			=	"1978",
}

@article{
	Huffman1954SynthesisSwitchingCircuits,
	author		=	"Huffman, David A.",
	title			=	"The Synthesis of Sequential Switching Circuits",
	journal		=	"Journal of the {F}ranklin {I}nstitute",
	volume		=	"257",
	number		=	"3",
	pages		=	"161--190",
	year			=	"1954",
}

@article{
	Huffman1954SynthesisSwitchingCircuitsPart2,
	author		=	"Huffman, David A.",
	title			=	"The Synthesis of Sequential Switching Circuits, Part {II}",
	journal		=	"Journal of the {F}ranklin {I}nstitute",
	volume		=	"257",
	number		=	"4",
	pages		=	"275--303",
	year			=	"1954",
}

@article{
	Huzino1977ElementaryProofRitchie,
	author		=	"Huzino, Seiiti and Shibata, Ryoko",
	title			=	"An Elementary Proof of {R}.{W}. {R}itchie's Theorem on the Set of Squares",
	journal		=	"Memoirs of the {F}aculty of {S}cience, {K}yushu {U}niversity, Series {A}",
	volume		=	"31",
	number		=	"1",
	pages		=	"9--14",
	year			=	"1977",
}

%%%%%
% I
%%%%%

%%%%%
% J
%%%%%

@article{
	Jaffe1978NecessarySufficientPumpingLemma,
	author		=	"Jaffe, Jeffrey",
	title			=	"A necessary and sufficient pumping lemma for regular languages",
	journal		=	"{ACM} {SIGACT} News",
	volume		=	"10",
	number		=	"2",
	pages		=	"48--49",
	year			=	"1978",
}

@article{
	Jager2012RefiningChomsky,
	author		=	"J{\"a}ger, Gerhard and Rogers, James",
	title			=	"Formal language theory: refining the {C}homsky hierarchy",
	journal		=	"Philosophical Transactions of the Royal Society B: Biological Sciences",
	volume		=	"367",
	pages		=	"1956--1970",
	year			=	"2012",
}

@article{
	Johnsonbaugh1990ConversesPumpingLemmas,
	author		=	"Johnsonbaugh, Richard and Miller, David P.",
	title			=	"Converses of Pumping Lemmas",
	journal		=	"{ACM} {SIGCSE} Bulletin",
	volume		=	"22",
	number		=	"1",
	pages		=	"27--30",
	year			=	"1990",
}

@misc{
	Jong2009DFMapArchive,
	author		=	"{Jong89}",
	title			=	"{DF} Map Archive: {R}azorlength - 1036 {E}arly {W}inter",
	howpublished	=	"\url{https://mkv25.net/dfma/map-8269}",
	year			=	"2009",
}

@article{
	Jourdain1916LogicalWorkOfLeibniz,
	author		=	"Jourdain, Philip E. B.",
	title			=	"The Logical Work of {L}eibniz",
	journal		=	"The Monist",
	volume		=	"26",
	number		=	"4",
	pages		=	"504--523",
	year			=	"1916",
}

%%%%%
% K
%%%%%

@techreport{
	Kaye2000InfiniteMinesweeper,
	author		=	"Kaye, Richard",
	title			=	"Infinite Versions of {M}inesweeper are {T}uring Complete",
	institution		=	"University of Birmingham",
	type			=	"School of Mathematics preprint",
	number		=	"2000/15",
	year			=	"2000",
}

@article{
	Kleene1936GeneralRecursiveFunctions,
	author		=	"Kleene, Stephen C.",
	title			=	"General Recursive Functions of Natural Numbers",
	journal		=	"Mathematische Annalen",
	volume		=	"112",
	number		=	"1",
	pages		=	"727--742",
	year			=	"1936",
}

@article{
	Kleene1936LambdaDefinability,
	author		=	"Kleene, Stephen C.",
	title			=	"$\lambda$-Definability and Recursiveness",
	journal		=	"Duke Mathematical Journal",
	volume		=	"2",
	number		=	"2",
	pages		=	"340--353",
	year			=	"1936",
}

@article{
	Kleene1943RecursivePredicates,
	author		=	"Kleene, Stephen C.",
	title			=	"Recursive Predicates and Quantifiers",
	journal		=	"Transactions of the {A}merican {M}athematical {S}ociety",
	volume		=	"53",
	number		=	"1",
	pages		=	"41--73",
	year			=	"1943",
}

@techreport{
	Kleene1951RepresentationEvents,
	author		=	"Kleene, Stephen C.",
	title			=	"Representation of Events in Nerve Nets and Finite Automata",
	institution		=	"{RAND} Corporation",
	type			=	"Research memorandum", 
	number		=	"RM-704",
	year			=	"1951",
	note			=	"Reprint:~\citep{Kleene1956RepresentationEvents}",
}

@book{
	Kleene1952IntroductionToMetamathematics,
	author		=	"Kleene, Stephen C.",
	title			=	"Introduction to Metamathematics",
	publisher		=	"D.\ Van Nostrand",
	address		=	"Princeton",
	year			=	"1952",
}

@incollection{
	Kleene1956RepresentationEvents,
	author		=	"Kleene, Stephen C.",
	title			=	"Representation of Events in Nerve Nets and Finite Automata",
	booktitle		=	"Automata Studies",
	publisher		=	"Princeton University Press",
	editor		=	"Shannon, C. E. and {McCarthy}, J.",
	volume		=	"34",
	series		=	"Annals of Mathematics Studies",
	pages		=	"3--42",
	address		=	"Princeton",
	year			=	"1956",
}

@book{
	Kozen1997AutomataAndComputability,
	author		=	"Kozen, Dexter C.",
	title			=	"Automata and Computability",
	publisher		=	"Springer-Verlag",
	series		=	"Undergraduate Texts in Computer Science",
	address		=	"New York",
	year			=	"1997",
}

@book{
	Kozen2006TheoryOfComputation,
	author		=	"Kozen, Dexter C.",
	title			=	"Theory of Computation",
	publisher		=	"Springer-Verlag",
	series		=	"Texts in Computer Science",
	address		=	"London",
	year			=	"2006",
}

@inproceedings{
	Kracht2004TooManyLanguagesOgden,
	author		=	"Kracht, Marcus",
	title			=	"Too Many Languages Satisfy {O}gden's Lemma",
	booktitle		=	"Proceedings of the 27th Annual Penn Linguistics Colloquium",
	editor		=	"Arunachalam, S. and Baranowski, M. and Horesh, U. and Ross, I. and Sanchez, T. and Scheffler, T. and Sundaresan, S. and Williams, A.",
	volume		=	"10",
	series		=	"University of Pennsylvania Working Papers in Linguistics",
	pages		=	"115--121",
	address		=	"Philadelphia",
	publisher		=	"University of Pennsylvania",
	year			=	"2004",
}

%%%%%
% L
%%%%%

@article{
	LangeLeiss2009EfficientCNF,
	author		=	"Lange, Martin and Lei{\ss}, Hans",
	title			=	"To {CNF} or not to {CNF}? {A}n Efficient Yet Presentable Version of the {CYK} Algorithm",
	journal		=	"Informatica Didactica",
	volume		=	"8",
	year			=	"2009",
}

@article{
	Lee1960AutomataAndFiniteAutomata,
	author		=	"Lee, Chester Y.",
	title			=	"Automata and Finite Automata",
	journal		=	"{B}ell {S}ystem Technical Journal",
	volume		=	"39",
	number		=	"5",
	pages		=	"1267--1295",
	year			=	"1960",
}

@incollection{
	Lenzen2018LeibnizCalculusRatiocinator,
	author		=	"Lenzen, Wolfgang",
	title			=	"{L}eibniz and the Calculus Ratiocinator",
	booktitle		=	"Technology and Mathematics: Philosophical and Historical Investigations",
	publisher		=	"Springer-Verlag",
	editor		=	"Hansson, S. O.",
	volume		=	"30",
	series		=	"Philosophy of Engineering and Technology",
	pages		=	"47--78",
	address		=	"Cham",
	year			=	"2018",
}

@article{
	Lucas2021OriginsHaltingProblem,
	author		=	"Lucas, Salvador",
	title			=	"The origins of the halting problem",
	journal		=	"Journal of Logical and Algebraic Methods in Programming",
	volume		=	"121",
	pages		=	"100687",
	year			=	"2021",
}

@article{
	Lukasiewicz1929MathematicalLogic,
	author		=	"{\L}ukasiewicz, Jan",
	title			=	"O znaczeniu i potrzebach logiki matematycznej [{O}n the meaning and needs of mathematical logic]",
	journal		=	"Nauka Polska",
	volume		=	"10",
	pages		=	"604--620",
	year			=	"1929",
}

%%%%%
% M
%%%%%

@article{
	McCullochPitts1943LogicalCalculus,
	author		=	"{McCulloch}, Warren S. and Pitts, Walter",
	title			=	"A Logical Calculus of the Ideas Immanent in Nervous Activity",
	journal		=	"Bulletin of Mathematical Biophysics",
	volume		=	"5",
	number		=	"4",
	pages		=	"115--133",
	year			=	"1943",
}

@article{
	McNaughton1961TheoryOfAutomataSurvey,
	author		=	"{McNaughton}, Robert",
	title			=	"The Theory of Automata, a Survey",
	journal		=	"Advances in Computers",
	volume		=	"2",
	pages		=	"379--421",
	year			=	"1961",
}

@article{
	McNaughtonYamada1960RegularExpressionsAutomata,
	author		=	"{McNaughton}, Robert and Yamada, Hisao",
	title			=	"Regular Expressions and State Graphs for Automata",
	journal		=	"{IRE} Transactions on Electronic Computers",
	volume		=	"9",
	number		=	"1",
	pages		=	"39--47",
	year			=	"1960",
}

@article{
	Mealy1955MethodSynthesizingCircuits,
	author		=	"Mealy, George H.",
	title			=	"A Method for Synthesizing Sequential Circuits",
	journal		=	"{B}ell {S}ystem Technical Journal",
	volume		=	"34",
	number		=	"5",
	pages		=	"1045--1079",
	year			=	"1955",
}

@article{
	Minsky1961UnsolvabilityPost,
	author		=	"Minsky, Marvin L.",
	title			=	"Recursive Unsolvability of {P}ost's Problem of ``Tag'' and other Topics in Theory of {T}uring Machines",
	journal		=	"Annals of Mathematics",
	volume		=	"74",
	number		=	"3",
	pages		=	"437--455",
	year			=	"1961",
}

@incollection{
	Minsky1962UTMsTagSystems,
	author		=	"Minsky, Marvin L.",
	title			=	"Size and Structure of Universal {T}uring Machines Using Tag Systems",
	booktitle		=	"Recursive Function Theory",
	publisher		=	"American Mathematical Society",
	editor		=	"Dekker, J. C. E.",
	volume		=	"5",
	series		=	"Proceedings of Symposia in Pure Mathematics",
	pages		=	"229--238",
	address		=	"Providence",
	year			=	"1962",
}

@article{
	Minsky1966UnrecognizableSets,
	author		=	"Minsky, Marvin L. and Papert, Seymour",
	title			=	"Unrecognizable Sets of Numbers",
	journal		=	"Journal of the {ACM}",
	volume		=	"13",
	number		=	"2",
	pages		=	"281--286",
	year			=	"1966",
}

@incollection{
	Moore1956GedankenExperiments,
	author		=	"Moore, Edward F.",
	title			=	"{G}edanken-Experiments on Sequential Machines",
	booktitle		=	"Automata Studies",
	publisher		=	"Princeton University Press",
	editor		=	"Shannon, C. E. and {McCarthy}, J.",
	volume		=	"34",
	series		=	"Annals of Mathematics Studies",
	pages		=	"129--153",
	address		=	"Princeton",
	year			=	"1956",
}

@article{
	Moore1971BoundsStateSetSize,
	author		=	"Moore, Frank R.",
	title			=	"On the Bounds for State-Set Size in the Proofs of Equivalence Between Deterministic, Nondeterministic, and Two-Way Finite Automata",
	journal		=	"{IEEE} Transactions on Computers",
	volume		=	"20",
	number		=	"10",
	pages		=	"1211--1214",
	year			=	"1971",
}

%%%%%
% N
%%%%%

@book{
	Nagell1977SelectedPapers,
	editor		=	"Nagell, Trygve and Selberg, Atle and Selberg, Sigmund and Thalberg, Knut",
	title			=	"Selected Mathematical Papers of {A}xel {T}hue",
	publisher		=	"Universitetsforlaget",
	address		=	"Oslo",
	year			=	"1977",
}

@inproceedings{
	NewellShaw1957ProgrammingLogicTheoryMachine,
	author		=	"Newell, Allen and Shaw, John C.",
	title			=	"Programming the Logic Theory Machine",
	booktitle		=	"Proceedings of the Western Joint Computer Conference",
	editor		=	"Barnes, J. L.",
	pages		=	"230--240",
	address		=	"Los Angeles",
	publisher		=	"Institute of Radio Engineers",
	year			=	"1957",
}

%%%%%
% O
%%%%%

@incollection{
	Oettinger1961AutomaticSyntacticAnalysis,
	author		=	"Oettinger, Anthony G.",
	title			=	"Automatic Syntactic Analysis and the Pushdown Store",
	booktitle		=	"Structure of Language and its Mathematical Aspects",
	publisher		=	"American Mathematical Society",
	editor		=	"Jakobson, R.",
	volume		=	"12",
	series		=	"Proceedings of Symposia in Applied Mathematics",
	pages		=	"104--129",
	address		=	"Providence",
	year			=	"1961",
}

@article{
	Ogden1968ProvingInherentAmbiguity,
	author		=	"Ogden, William",
	title			=	"A Helpful Result for Proving Inherent Ambiguity",
	journal		=	"Mathematical Systems Theory",
	volume		=	"2",
	number		=	"3",
	pages		=	"191--194",
	year			=	"1968",
}

@article{
	OliveiraESilva2014EmpricalVerificationGoldbach,
	author		=	"{Oliveira e Silva}, Tom{\'a}s and Herzog, Siegfried and Pardi, Silvio",
	title			=	"Empirical Verification of the Even {G}oldbach Conjecture and Computation of Prime Gaps up to $4 \cdot 10^{18}$",
	journal		=	"Mathematics of Computation",
	volume		=	"83",
	number		=	"288",
	pages		=	"2033--2060",
	year			=	"2014",
}

@article{
	OttFeinstein1961DesignSequentialMachines,
	author		=	"Ott, Gene and Feinstein, Neil H.",
	title			=	"Design of Sequential Machines from Their Regular Expressions",
	journal		=	"Journal of the {ACM}",
	volume		=	"8",
	number		=	"4",
	pages		=	"585--600",
	year			=	"1961",
}

%%%%%
% P
%%%%%

@misc{
	Panini500BCEAstadhyayi,
	author		=	"P{\=a}{\d n}ini",
	title			=	"{A}{\d s}{\d t}{\=a}dhy{\=a}y{\=\i} [{T}he book of eight chapters]",
	year			=	"c. 500 \textsc{bce}",
	note			=	"Translation:~\citep{Sharma2002AstadhyayiPanini}"
}

@book{
	Papadimitriou1994ComputationalComplexity,
	author		=	"Papadimitriou, Christos H.",
	title			=	"Computational Complexity",
	publisher		=	"Addison-Wesley",
	address		=	"Reading",
	year			=	"1994",
}

@techreport{
	Parikh1961LanguageGeneratingDevices,
	author		=	"Parikh, Rohit J.",
	title			=	"Language-Generating Devices",
	institution		=	"Massachusetts Institute of Technology",
	type			=	"Research Laboratory of Electronics Quarterly Progress Report",
	number		=	"60:199--212",
	year			=	"1961",
	note			=	"Reprint:~\citep{Parikh1966OnContextFreeLanguages}",
}

@article{
	Parikh1966OnContextFreeLanguages,
	author		=	"Parikh, Rohit J.",
	title			=	"On Context-Free Languages",
	journal		=	"Journal of the {ACM}",
	volume		=	"13",
	number		=	"4",
	pages		=	"570--581",
	year			=	"1966",
}

@article{
	Perrin1995DebutsTheorieAutomates,
	author		=	"Perrin, Dominique",
	title			=	"Les d{\'e}buts de la th{\'e}orie des automates [{T}he beginnings of automata theory]",
	journal		=	"Technique et Science Informatique",
	volume		=	"14",
	pages		=	"409--433",
	year			=	"1995",
}

@book{
	Petzold2008AnnotatedTuring,
	author		=	"Petzold, Charles",
	title			=	"The Annotated {T}uring: A Guided Tour through {A}lan {T}uring's Historic Paper on Computability and the {T}uring Machine",
	publisher		=	"Wiley Publishing",
	address		=	"Indianapolis",
	year			=	"2008",
}

@article{
	Post1936FiniteCombinatoryProcesses,
	author		=	"Post, Emil L.",
	title			=	"Finite Combinatory Processes---Formulation 1",
	journal		=	"Journal of Symbolic Logic",
	volume		=	"1",
	number		=	"3",
	pages		=	"103--105",
	year			=	"1936",
}

@article{
	Post1943FormalReductionsCombinatorial,
	author		=	"Post, Emil L.",
	title			=	"Formal Reductions of the General Combinatorial Decision Problem",
	journal		=	"{A}merican Journal of Mathematics",
	volume		=	"65",
	number		=	"2",
	pages		=	"197--215",
	year			=	"1943",
}

@article{
	Post1944RecursivelyEnumerableSets,
	author		=	"Post, Emil L.",
	title			=	"Recursively Enumerable Sets of Positive Integers and Their Decision Problems",
	journal		=	"Bulletin of the {A}merican {M}athematical {S}ociety",
	volume		=	"50",
	number		=	"5",
	pages		=	"284--316",
	year			=	"1944",
}

@article{
	Post1946RecursivelyUnsolvableProblem,
	author		=	"Post, Emil L.",
	title			=	"A Variant of a Recursively Unsolvable Problem",
	journal		=	"Bulletin of the {A}merican {M}athematical {S}ociety",
	volume		=	"52",
	number		=	"4",
	pages		=	"264--269",
	year			=	"1946",
}

@misc{
	Power2013Thue1914Translation,
	author		=	"Power, James F.",
	title			=	"{T}hue's 1914 paper: a translation",
	howpublished	=	"\url{https://arxiv.org/abs/1308.5858}",
	year			=	"2013",
}

@article{
	Pullum2000LoopSnooper,
	author		=	"Pullum, Geoffrey K.",
	title			=	"Scooping the Loop Snooper",
	journal		=	"Mathematics Magazine",
	volume		=	"73",
	number		=	"4",
	pages		=	"319--320",
	year			=	"2000",
	note			=	"Corrigendum:~\citep{Pullum2022LoopSnooperCorrected}"
}

@misc{
	Pullum2022LoopSnooperCorrected,
	author		=	"Pullum, Geoffrey K.",
	title			=	"Scooping the Loop Snooper",
	howpublished	=	"\url{http://www.lel.ed.ac.uk/~gpullum/loopsnoop.html}",
	year			=	"2022",
}

%%%%%
% Q
%%%%%

%%%%%
% R
%%%%%

@article{
	RabinScott1959FiniteAutomata,
	author		=	"Rabin, Michael O. and Scott, Dana",
	title			=	"Finite Automata and Their Decision Problems",
	journal		=	"{IBM} Journal of Research and Development",
	volume		=	"3",
	number		=	"2",
	pages		=	"114--125",
	year			=	"1959",
}

@article{
	Rice1953ClassesRecursivelyEnumerable,
	author		=	"Rice, Henry G.",
	title			=	"Classes of Recursively Enumerable Sets and their Decision Problems",
	journal		=	"Transactions of the {A}merican {M}athematical {S}ociety",
	volume		=	"74",
	number		=	"2",
	pages		=	"358--366",
	year			=	"1953",
}

@book{
	Rich2008AutomataComputabilityComplexity,
	author		=	"Rich, Elaine",
	title			=	"Automata, Computability, and Complexity: Theory and Applications",
	publisher		=	"Pearson Prentice Hall",
	address		=	"Upper Saddle River",
	year			=	"2008",
}

@article{
	Ritchie1963FiniteAutomataSquares,
	author		=	"Ritchie, Robert W.",
	title			=	"Finite Automata and the Set of Squares",
	journal		=	"Journal of the {ACM}",
	volume		=	"10",
	number		=	"4",
	pages		=	"528--531",
	year			=	"1963",
}

@article{
	Rogozhin1996SmallUTMs,
	author		=	"Rogozhin, Yurii",
	title			=	"Small universal {T}uring machines",
	journal		=	"Theoretical Computer Science",
	volume		=	"168",
	number		=	"2",
	pages		=	"215--240",
	year			=	"1996",
}

%%%%%
% S
%%%%%

@article{
	Scarle2009TuringCompletenessReactionDiffusion,
	author		=	"Scarle, Simon",
	title			=	"Implications of the {T}uring Completeness of Reaction-Diffusion Models, Informed by {GPGPU} Simulations on an {XBox} 360: Cardiac Arrhythmias, Re-entry and the {H}alting Problem",
	journal		=	"Computational Biology and Chemistry",
	volume		=	"33",
	number		=	"4",
	pages		=	"253--260",
	year			=	"2009",
}

@article{
	Scheinberg1960BooleanPropertiesCFLs,
	author		=	"Scheinberg, Stephen",
	title			=	"Note on the Boolean Properties of Context Free Languages",
	journal		=	"Information and Control",
	volume		=	"3",
	number		=	"4",
	pages		=	"372--375",
	year			=	"1960",
}

@inproceedings{
	Schutzenberger1962CertainElementaryFamilies,
	author		=	"Sch{\"u}tzenberger, {M}arcel-{P}aul",
	title			=	"Certain Elementary Families of Automata",
	booktitle		=	"Proceedings of the Symposium on Mathematical Theory of Automata",
	editor		=	"Fox, J.",
	volume		=	"12",
	series		=	"Microwave Research Institute Symposia Series",
	pages		=	"139--153",
	address		=	"New York",
	publisher		=	"Polytechnic Institute of Brooklyn",
	year			=	"1962",
}

@article{
	Schutzenberger1963OnCFLsPDAs,
	author		=	"Sch{\"u}tzenberger, {M}arcel-{P}aul",
	title			=	"On Context-Free Languages and Push-Down Automata",
	journal		=	"Information and Control",
	volume		=	"6",
	number		=	"3",
	pages		=	"246--264",
	year			=	"1963",
}

@article{
	Schutzenberger1968RemarkAcceptableSets,
	author		=	"Sch{\"u}tzenberger, {M}arcel-{P}aul",
	title			=	"A Remark on Acceptable Sets of Numbers",
	journal		=	"Journal of the {ACM}",
	volume		=	"15",
	number		=	"2",
	pages		=	"300--303",
	year			=	"1968",
}

@incollection{
	Seuren2013ChomskyHierarchyInPerspective,
	author		=	"Seuren, Pieter A. M.",
	title			=	"The {C}homsky hierarchy in perspective",
	booktitle		=	"From {W}horf to {M}ontague: Explorations in the Theory of Language",
	publisher		=	"Oxford University Press",
	chapter		=	"6",
	pages		=	"205--238",
	address		=	"Oxford",
	year			=	"2013",
}

@incollection{
	Shannon1956UniversalTuringTwoStates,
	author		=	"Shannon, Claude E.",
	title			=	"A Universal {T}uring Machine with Two Internal States",
	booktitle		=	"Automata Studies",
	publisher		=	"Princeton University Press",
	editor		=	"Shannon, C. E. and {McCarthy}, J.",
	volume		=	"34",
	series		=	"Annals of Mathematics Studies",
	pages		=	"157--165",
	address		=	"Princeton",
	year			=	"1956",
}

@article{
	Shannon1958VonNeumannAutomataTheory,
	author		=	"Shannon, Claude E.",
	title			=	"{V}on~{N}eumann's Contributions to Automata Theory",
	journal		=	"Bulletin of the {A}merican {M}athematical {S}ociety",
	volume		=	"64",
	number		=	"3",
	pages		=	"123--129",
	year			=	"1958",
}

@article{
	Shapiro1956DegreesOfComputability,
	author		=	"Shapiro, Norman",
	title			=	"Degrees of Computability",
	journal		=	"Transactions of the {A}merican {M}athematical {S}ociety",
	volume		=	"82",
	number		=	"2",
	pages		=	"281--299",
	year			=	"1956",
}

@article{
	Shapiro2012MechanicalTuringMachine,
	author		=	"Shapiro, Ehud",
	title			=	"A Mechanical {T}uring Machine: Blueprint for a Biomolecular Computer",
	journal		=	"Interface Focus",
	volume		=	"2",
	pages		=	"497--503",
	year			=	"2012",
}

@book{
	Sharma2002AstadhyayiPanini,
	author		=	"Sharma, {Rama Nath}",
	title			=	"The {A}{\d s}{\d t}{\=a}dhy{\=a}y{\=\i} of {P}{\=a}{\d n}ini",
	publisher		=	"Munshiram Manoharlal Publishers",
	address		=	"New Delhi",
	edition		=	"second",
	year			=	"2002",
	note			=	"Six volumes"
}

@book{
	Sipser2013TheoryOfComputation3rdEd,
	author		=	"Sipser, Michael",
	title			=	"Introduction to the Theory of Computation",
	publisher		=	"Cengage Learning",
	address		=	"Boston",
 	edition		=	"third",
	year			=	"2013",
}

@article{
	Smith2020UniversalityWolframs23Machine,
	author		=	"Smith, Alex",
	title			=	"Universality of {W}olfram's $2$, $3$ {T}uring Machine",
	journal		=	"Complex Systems",
	volume		=	"29",
	number		=	"1",
	pages		=	"1--44",
	year			=	"2020",
}

@article{
	Soare1996ComputabilityAndRecursion,
	author		=	"Soare, Robert I.",
	title			=	"Computability and Recursion",
	journal		=	"Bulletin of Symbolic Logic",
	volume		=	"2",
	number		=	"3",
	pages		=	"284--321",
	year			=	"1996",
}

@article{
	Strachey1965AnImpossibleProgram,
	author		=	"Strachey, Christopher",
	title			=	"An impossible program",
	journal		=	"The Computer Journal",
	volume		=	"7",
	number		=	"4",
	pages		=	"313",
	year			=	"1965",
}

%%%%%
% T
%%%%%

@article{
	Thompson1968RegularExpressionSearch,
	author		=	"Thompson, Ken",
	title			=	"Programming Techniques: Regular Expression Search Algorithm",
	journal		=	"Communications of the {ACM}",
	volume		=	"11",
	number		=	"6",
	pages		=	"419--422",
	year			=	"1968",
}

@article{
	Thue1914Veranderungen,
	author		=	"Thue, Axel",
	title			=	"{P}robleme {\"u}ber {V}er{\"a}nderungen von {Z}eichenreihen nach gegebenen {R}egeln [{P}roblems concerning the transformation of symbol sequences according to given rules]",
	journal		=	"{S}krifter udgivne af {V}idenskabs-{S}elskabet i {C}hristiania, {I}. {M}athematisk-naturvidenskabelig {K}lasse",
	volume		=	"10",
	pages		=	"1--34",
	year			=	"1914",
	note			=	"Reprint:~\citep*[pages 493--524]{Nagell1977SelectedPapers}. Translation:~\citep{Power2013Thue1914Translation}",
}

@article{
	Turing1936OnComputableNumbers,
	author		=	"Turing, Alan M.",
	title			=	"On Computable Numbers, with an Application to the {E}ntscheidungsproblem",
	journal		=	"Proceedings of the London Mathematical Society",
	volume		=	"s2-42",
	number		=	"1",
	pages		=	"230--265",
	year			=	"1936",
	note			=	"Corrigendum:~\citep{Turing1937OnComputableNumbersCorrection}"
}

@article{
	Turing1937OnComputableNumbersCorrection,
	author		=	"Turing, Alan M.",
	title			=	"On Computable Numbers, with an Application to the {E}ntscheidungsproblem. {A} Correction",
	journal		=	"Proceedings of the London Mathematical Society",
	volume		=	"s2-43",
	number		=	"1",
	pages		=	"544--546",
	year			=	"1937",
}

@book{
	Turing1959AlanMTuring,
	author		=	"Turing, Sara",
	title			=	"{A}lan {M}. {T}uring",
	publisher		=	"W.\ Heffer \& Sons",
	address		=	"Cambridge",
	year			=	"1959",
	note			=	"Reprint:~\citep{Turing2012AlanMTuringCentenary}"
}

@book{
	Turing2012AlanMTuringCentenary,
	author		=	"Turing, Sara",
	title			=	"{A}lan {M}. {T}uring: Centenary Edition",
	publisher		=	"Cambridge University Press",
	address		=	"Cambridge",
	year			=	"2012",
}

@book{
	Turing2015ProfAlanTuringDecoded,
	author		=	"Turing, Dermot",
	title			=	"Prof: {A}lan {T}uring Decoded",
	publisher		=	"The History Press",
	address		=	"Gloucestershire",
	year			=	"2015",
}

%%%%%
% U
%%%%%

%%%%%
% V
%%%%%

@book{
	VanHeijenoort1967SourceBookMathematicalLogic,
	editor		=	"van~Heijenoort, Jean",
	title			=	"From {F}rege to {G}{\"o}del: A Source Book in Mathematical Logic, 1879--1931",
	publisher		=	"Harvard University Press",
	address		=	"Cambridge",
	year			=	"1967",
}

@incollection{
	VonNeumann1951GeneralLogicalTheoryAutomata,
	author		=	"von~Neumann, John",
	title			=	"The General and Logical Theory of Automata",
	booktitle		=	"Cerebral Mechanisms in Behavior: The {H}ixon {S}ymposium",
	publisher		=	"John Wiley \& Sons",
	editor		=	"Jeffress, L. A.",
	pages		=	"1--31",
	address		=	"New York",
	year			=	"1951",
}

%%%%%
% W
%%%%%

@article{
	Wells1947ImmediateConstituents,
	author		=	"Wells, Rulon S.",
	title			=	"Immediate Constituents",
	journal		=	"Language",
	volume		=	"23",
	number		=	"2",
	pages		=	"81--117",
	year			=	"1947",
}

@inproceedings{
	Wildenhain2017TuringCompletenessPowerPoint,
	author		=	"Wildenhain, Tom",
	title			=	"On the {T}uring Completeness of {MS} {P}ower{P}oint",
	booktitle		=	"Proceedings of the 11th Annual Intercalary Robot Dance Party in Celebration of Workshop on Symposium about $2^{6}$th Birthdays; in particular, that of {Harry Q. Bovik} ({SIGBOVIK} 2017)",
	pages		=	"102--106",
	address		=	"Pittsburgh",
	publisher		=	"Association for Computational Heresy",
	year			=	"2017",
}

@article{
	Wise1976StrongPumpingLemmaCFLs,
	author		=	"Wise, David S.",
	title			=	"A Strong Pumping Lemma for Context-Free Languages",
	journal		=	"Theoretical Computer Science",
	volume		=	"3",
	number		=	"3",
	pages		=	"359--369",
	year			=	"1976",
}

@book{
	Wolfram2002NewKindOfScience,
	author		=	"Wolfram, Stephen",
	title			=	"A New Kind of Science",
	publisher		=	"Wolfram Media",
	address		=	"Champaign",
	year			=	"2002",
}

@article{
	Woods2009SmallUTMsSurvey,
	author		=	"Woods, Damien and Neary, Turlough",
	title			=	"The complexity of small universal {T}uring machines: A survey",
	journal		=	"Theoretical Computer Science",
	volume		=	"410",
	number		=	"4--5",
	pages		=	"443--450",
	year			=	"2009",
}

%%%%%
% X
%%%%%

%%%%%
% Y
%%%%%

@incollection{
	Yu1997RegularLanguages,
	author		=	"Yu, Sheng",
	title			=	"Regular Languages",
	booktitle		=	"Handbook of Formal Languages",
	publisher		=	"Springer-Verlag",
	editor		=	"Rozenberg, G. and Salomaa, A.",
	volume		=	"1",
	pages		=	"41--110",
	address		=	"Berlin",
	year			=	"1997",
}

%%%%%
% Z
%%%%%

@incollection{
	Zach2007HilbertsProgram,
	author		=	"Zach, Richard",
	title			=	"{H}ilbert's Program Then and Now",
	booktitle		=	"Philosophy of Logic",
	publisher		=	"North-Holland Publishing Co.",
	editor		=	"Jacquette, D.",
	volume		=	"5",
	series		=	"Handbook of the Philosophy of Science",
	pages		=	"411--447",
	address		=	"Amsterdam",
	year			=	"2007",
}